<?xml version="1.0" encoding="UTF-8"?><collection xmlns="http://www.loc.gov/MARC21/slim"><record><leader>00424nam--2200121-i-4500</leader><controlfield tag="001">000001946</controlfield><controlfield tag="002">20161230</controlfield><controlfield tag="005">20161230201024</controlfield><controlfield tag="008">060222s1000------------r-----000-0-eng-d</controlfield><datafield ind1=" " ind2=" " tag="100"><subfield code="a">Gmohling, Werner</subfield></datafield><datafield ind1=" " ind2=" " tag="245"><subfield code="a">Leitfahigkeite, hallkonstanten und thermokraft von mischkristallen des nickels mit seinen nachbarelementen in period.system. (teza de doctorat)</subfield></datafield><datafield ind1=" " ind2=" " tag="260"><subfield code="a">Stuttgart, Technische Hochschule, 1961. 8 P</subfield></datafield><datafield ind1=" " ind2=" " tag="852"><subfield code="a">17761</subfield></datafield></record></collection>